<record><leader>00000cas a2200000 a 4500</leader><controlfield tag="001">28118160</controlfield><controlfield tag="008">930517d19251931iluwr ne      0   a0eng c</controlfield><datafield ind1=" " ind2=" " tag="010"><subfield code="a">sn 93055560 </subfield></datafield><datafield ind1=" " ind2=" " tag="040"><subfield code="a">NVF</subfield><subfield code="b">eng</subfield><subfield code="c">NVF</subfield><subfield code="d">OCLCQ</subfield><subfield code="d">NVF</subfield><subfield code="d">OCLCQ</subfield><subfield code="d">OCLCF</subfield><subfield code="d">OCLCO</subfield><subfield code="d">NVF</subfield></datafield><datafield ind1=" " ind2=" " tag="042"><subfield code="a">pcc</subfield></datafield><datafield ind1=" " ind2=" " tag="043"><subfield code="a">n-us-il</subfield></datafield><datafield ind1="0" ind2="4" tag="245"><subfield code="a">The Nauvoo independent-rustler.</subfield></datafield><datafield ind1="1" ind2="7" tag="246"><subfield code="a">Independent-rustler</subfield></datafield><datafield ind1="3" ind2=" " tag="246"><subfield code="a">Nauvoo independent rustler</subfield></datafield><datafield ind1="3" ind2=" " tag="246"><subfield code="a">Independent rustler</subfield></datafield><datafield ind1=" " ind2=" " tag="260"><subfield code="a">Nauvoo, Ill. :</subfield><subfield code="b">Buckert &amp; Covington,</subfield><subfield code="c">1925-1931.</subfield></datafield><datafield ind1=" " ind2=" " tag="300"><subfield code="a">v.</subfield></datafield><datafield ind1=" " ind2=" " tag="310"><subfield code="a">Weekly</subfield></datafield><datafield ind1="0" ind2=" " tag="362"><subfield code="a">Vol. 52, no. 73 (May 27, 1925)-v. 58, no. 44 (Oct. 23, 1931).</subfield></datafield><datafield ind1=" " ind2=" " tag="515"><subfield code="a">Continues the numbering of Independent-rustler.</subfield></datafield><datafield ind1=" " ind2="0" tag="651"><subfield code="a">Nauvoo (Ill.)</subfield><subfield code="v">Newspapers.</subfield></datafield><datafield ind1=" " ind2="7" tag="651"><subfield code="a">Illinois</subfield><subfield code="z">Nauvoo.</subfield><subfield code="2">fast</subfield><subfield code="0">(OCoLC)fst01210253</subfield></datafield><datafield ind1=" " ind2="7" tag="655"><subfield code="a">Newspapers.</subfield><subfield code="2">fast</subfield><subfield code="0">(OCoLC)fst01423814</subfield></datafield><datafield ind1=" " ind2=" " tag="752"><subfield code="a">United States</subfield><subfield code="b">Illinois</subfield><subfield code="c">Hancock</subfield><subfield code="d">Nauvoo.</subfield></datafield><datafield ind1="0" ind2="0" tag="780"><subfield code="t">Independent-rustler</subfield><subfield code="w">(DLC)sn 93055559</subfield><subfield code="w">(OCoLC)28118101</subfield></datafield><datafield ind1="0" ind2="0" tag="785"><subfield code="t">Nauvoo independent and the Nauvoo rustler</subfield><subfield code="w">(DLC)sn 93055697</subfield><subfield code="w">(OCoLC)28118205</subfield></datafield><datafield ind1="1" ind2=" " tag="029"><subfield code="a">AU@</subfield><subfield code="b">000025478215</subfield></datafield></record>